@Article{ AEP2015,
	author = " AEP/ACA",
	title = "Status of the Arctic Grayling (Thymallus arcticus) in Alberta: Update 2015. Alberta Wildlife Status Report No. 57",
	volume = "",
	number = "Update 57",
	pages = "96 pp.",
	year = "2015",
	doi = "",
	URL = "https://open.alberta.ca/dataset/a4463230-1cc2-4b2e-b465-2689b18f586e/resource/35cbc02a-4e50-479f-86fc-57846d47a50c/download/sar-statusarcticgraylingalberta-dec2015.pdf",
	journal = "Alberta Environment and Parks"
}

@Article{ Betts2015,
	author = "ED Betts and DL Kane",
	title = "Linking North Slope of Alaska climate, hydrology, and fish migration",
	volume = "46",
	number = "4",
	pages = "578-590",
	year = "2015",
	doi = "10.2166/nh.2014.031",
	URL = "https://doi.org/10.2166/nh.2014.031",
	journal = "Hydrology Research"
}

@Article{ Golden2016,
	author = "HE Golden",
	title    = "Climate-Induced Habitat Fragmentation Affects Metapopulation Structure of Arctic Grayling in Tundra Streams",
    	volume = "1259",
	number = "",
	pages = "",
	year = "2016",
	doi = "",
	URL = "https://digitalcommons.lib.uconn.edu/dissertations/1259",
	journal = "Doctoral Dissertations"
}

@Article{ Golden2021,
	author = "HE Golden and K Holsinger and LA Deegan and CAJ MacKenzie and MC Urban",
	title = "River drying influences genetic variation and population structure in an Arctic freshwater fish",
	volume = "22",
	number = "",
	pages = "369-382",
	year = "2021",
	doi = "10.1007/s10592-021-01339-0",
	URL = "https://link.springer.com/article/10.1007/s10592-021-01339-0",
	journal = "Conservation Genetics"
}

@Article{ Gunderson2015,
	author = "AR Gunderson and JH Stillman",
	title = "Plasticity in thermal tolerance has limited potential to buffer ectotherms from global warming",
	volume = "282",
	number = "",
	pages = "",
	year = "2015",
	doi = "10.1098/rspb.2015.0401",
	URL = "http://dx.doi.org/10.1098/rspb.2015.0401",
	journal = "Proceedings of the Royal Society B"
}

@Article{ Haugen2000,
	author = "TO Haugen and LA Vollestad",
	title = "Population differences in early life-history traits in grayling",
	volume = "13",
	number = "6",
	pages = "897-905",
	year = "2000",
	doi = "10.1046/j.1420-9101.2000.00242.x",
	URL = "https://doi.org/10.1046/j.1420-9101.2000.00242.x",
	journal = "Journal of Evolutionary Biology"
}

@Article{ Jensen2008,
	author = "LF Jensen and MM Hansen and C Pertoldi and G Holdensgaard and KLD Mensberg and V Loeschcke",
	title = "Local adaptation in brown trout early life-history traits: implications for climate change adaptability",
	volume = "275",
	number = "1653",
	pages = "2859-2868",
	year = "2008",
	doi = "10.1098/rspb.2008.0870",
	URL = "https://royalsocietypublishing.org/doi/full/10.1098/rspb.2008.0870",
	journal = "Proceedings of the Royal Society B"
}

@Article{ Kavanagh2010,
	author = "Kavanagh KD, Haugen TO, Gregersen F, Jernval J, Vollstad LA",
	title = "Contemporary temperature-driven divergence in a Nordic freshwater fish under conditions commonly thought to hinder adaptation",
	volume = "10",
	number = "350",
	pages = "",
	year = "2010",
	doi = "10.1186/1471-2148-11-360",
	URL = "hhttp://www.biomedcentral.com/1471-2148/10/350",
	journal = "BMC Evolutionary Biology"
}

@Article{ Lueke2008,
	author = "C Lueke and P MacKinnon",
	title = "Landscape effects on growth of Age-0 Arctic grayling in tundra streams",
	volume = "137",
	number = "1",
	pages = "236-243",
	year = "2008",
	doi = "10.1577/T05-039.1",
	URL = "https://doi.org/10.1577/T05-039.1",
	journal = "Transactions of the American Fisheries Society"
}

@Article{ Miller1988,
	author = "TJ Miller and LB Crowder and JA Rice and EA Marschall",
	title = "Larval size and recruitment mechanisms in fishes: Toward a conceptual framework",
	volume = "45",
	number = "9",
	pages = "1657-1670",
	year = "1988",
	doi = "10.1139/f88-197",
	URL = "https://doi.org/10.1139/f88-197",
	journal = "Canadian Journal of Fisheries and Aquatic Sciences"
}

@Article{ Perez2010,
	author = "KO Perez and SB Munch",
	title = "Extreme selection on size in the early lives of fish",
	volume = "64",
	number = "8",
	pages = "2450-2457",
	year = "2010",
	doi = "10.1111/j.1558-5646.2010.00994.x",
	URL = "https://academic.oup.com/evolut/article/64/8/2450/6854237",
	journal = "Evolution"
}

@Article{ Rantanen2022,
	author = "M Rantanen and AY Karpechko and A Lipponen and K Nordling K and O Hyvarinen and K Ruosteenoja K and T Vihma and A Laaksonen",
	title = "The Arctic has warmed nearly four times faster than the globe since 1979",
	volume = "3",
	number = "168",
	pages = "",
	year = "2022",
	doi = "10.1038/s43247-022-00498-3",
	URL = "https://doi.org/10.1038/s43247-022-00498-3",
	journal = "Communications Earth & Environment"
}

@Article{ Reist2006,
author = "JD Reist and FJ Wrona and TD Prowse and M Power and JB Dempson and JR King and RJ Beamish",
	title = "An overview of effects of climate change on selected Arctic freshwater and anadromous fishes",
	volume = "35",
	number = "7",
	year = "2006",
	doi = "",
	URL = "http://www.jstor.org/stable/4315757",
	journal = "Ambio"
}

@Article{ Roman-Palacios2020,
	author = "C Román-Palacios and JJ Wiens",
	title = "Recent responses to climate change reveal the drivers of species extinction and survival",
	volume = "117",
	number = "8",
	pages = "4211-4217",
	year = "2020",
	doi = "10.1073/pnas.1913007117",
	URL = "https://doi.org/10.1073/pnas.1913007117",
	journal = "PNAS"
}

@Article{ Song2021,
	author = "H Song and DB Kemp and L Tian and D Chu and H Song and X Dai",
	title = "Thresholds of temperature change for mass extinctions",
	volume = "",
	number = "",
	pages = "",
	year = "2021",
	doi = "10.1038/s41467-021-25019-2",
	URL = "https://doi.org/10.1038/s41467-021-25019-2",
	journal = "Nature Communications"
}

@Article{ Thomassen2011,
	author = "G Thomassen and NJ Barson and TO Haugen and LA Vollstad",
	title = "Contemporary divergence in early life history in grayling (\textit{Thymallus thymallus})",
	volume = "11",
	number = "360",
	pages = "",
	year = "2011",
	doi = "10.1186/1471-2148-11-360",
	URL = "https://bmcecolevol.biomedcentral.com/articles/10.1186/1471-2148-11-360",
	journal = "BMC Evolutionary Biology"
}

@Article{ Tingley2022,
	author = "RW III Tingley and DM Infante and EM Dean and DW Schemske and ArR Cooper and JA Ross and W Daniel",
	title = "A landscape approach for identifying potential reestablishment sites for extirpated stream fishes: an example with Arctic grayling (\textit{Thymallus thymallus}) in Michigan",
	volume = "849",
	number = "",
	pages = "1397–1415",
	year = "2022",
	doi = "10.1007/s10750-021-04791-8",
	URL = "https://link.springer.com/article/10.1007/s10750-021-04791-8",
	journal = "Hydrobiologia"
}

@Article{ Whitney2013,
	author = "CK Whitney and SG Hinch and DA Patterson",
	title = "Provenance matters: thermal reaction norms for embryo survival among sockeye salmon Oncorhynchus nerka populations",
	volume = "82",
	number = "4",
	pages = "1159-1176",
	year = "2013",
	doi = "10.1111/jfb.12055",
	URL = "https://onlinelibrary.wiley.com/doi/abs/10.1111/jfb.12055",
	journal = "Journal of Fish Biology"
}

